@ARTICLE{Hogg:2020,
       author = {{Hogg}, David W. and {Price-Whelan}, Adrian M. and {Leistedt}, Boris},
        title = "{Data Analysis Recipes: Products of dependent multivariate Gaussians}",
         year = "2020",
archivePrefix = {arXiv},
       eprint = {in prep.}
}



@article{astropy,
	Adsnote = {Provided by the SAO/NASA Astrophysics Data System},
	Adsurl = {http://adsabs.harvard.edu/abs/2013A%26A...558A..33A},
	Archiveprefix = {arXiv},
	Author = {{Astropy Collaboration} and {Robitaille}, T.~P. and {Tollerud}, E.~J. and {Greenfield}, P. and {Droettboom}, M. and {Bray}, E. and {Aldcroft}, T. and {Davis}, M. and {Ginsburg}, A. and {Price-Whelan}, A.~M. and {Kerzendorf}, W.~E. and {Conley}, A. and {Crighton}, N. and {Barbary}, K. and {Muna}, D. and {Ferguson}, H. and {Grollier}, F. and {Parikh}, M.~M. and {Nair}, P.~H. and {Unther}, H.~M. and {Deil}, C. and {Woillez}, J. and {Conseil}, S. and {Kramer}, R. and {Turner}, J.~E.~H. and {Singer}, L. and {Fox}, R. and {Weaver}, B.~A. and {Zabalza}, V. and {Edwards}, Z.~I. and {Azalee Bostroem}, K. and {Burke}, D.~J. and {Casey}, A.~R. and {Crawford}, S.~M. and {Dencheva}, N. and {Ely}, J. and {Jenness}, T. and {Labrie}, K. and {Lim}, P.~L. and {Pierfederici}, F. and {Pontzen}, A. and {Ptak}, A. and {Refsdal}, B. and {Servillat}, M. and {Streicher}, O.},
	Doi = {10.1051/0004-6361/201322068},
	Eid = {A33},
	Eprint = {1307.6212},
	Journal = {\aap},
	Keywords = {methods: data analysis, methods: miscellaneous, virtual observatory tools},
	Month = oct,
	Pages = {A33},
	Primaryclass = {astro-ph.IM},
	Title = {{Astropy: A community Python package for astronomy}},
	Volume = 558,
	Year = 2013,
	Bdsk-Url-1 = {https://dx.doi.org/10.1051/0004-6361/201322068}}

@article{mpl,
	Adsnote = {Provided by the SAO/NASA Astrophysics Data System},
	Adsurl = {http://adsabs.harvard.edu/abs/2007CSE.....9...90H},
	Author = {{Hunter}, J.~D.},
	Doi = {10.1109/MCSE.2007.55},
	Journal = {Computing in Science and Engineering},
	Keywords = {Python, Scripting languages, Application development, Scientific programming},
	Month = may,
	Pages = {90-95},
	Title = {{Matplotlib: A 2D Graphics Environment}},
	Volume = 9,
	Year = 2007,
	Bdsk-Url-1 = {https://dx.doi.org/10.1109/MCSE.2007.55}}

@article{numpy,
	Acmid = {1957466},
	Address = {Piscataway, NJ, USA},
	Author = {Walt, Stefan van der and Colbert, S. Chris and Varoquaux, Gael},
	Doi = {10.1109/MCSE.2011.37},
	Issn = {1521-9615},
	Issue_Date = {March 2011},
	Journal = {Computing in Science and Engg.},
	Keywords = {NumPy, Python, Python, NumPy, scientific programming, numerical computations, programming libraries, numerical computations, programming libraries, scientific programming},
	Month = mar,
	Number = {2},
	Numpages = {9},
	Pages = {22--30},
	Publisher = {IEEE Educational Activities Department},
	Title = {The NumPy Array: A Structure for Efficient Numerical Computation},
	Url = {http://dx.doi.org/10.1109/MCSE.2011.37},
	Volume = {13},
	Year = {2011},
	Bdsk-Url-1 = {http://dx.doi.org/10.1109/MCSE.2011.37}}

@misc{scipy,
	Author = {Eric Jones and Travis Oliphant and Pearu Peterson and others},
	Title = {{SciPy}: Open source scientific tools for {Python}},
	Url = {http://www.scipy.org/},
	Year = {2001--},
	Bdsk-Url-1 = {http://www.scipy.org/}}

@article{gala,
	Adsnote = {Provided by the SAO/NASA Astrophysics Data System},
	Adsurl = {http://adsabs.harvard.edu/abs/2017JOSS....2..388P},
	Author = {{Price-Whelan}, A.~M.},
	Doi = {10.21105/joss.00388},
	Eid = {388},
	Journal = {The Journal of Open Source Software},
	Keywords = {galactic dynamics, python, stellar kinematics},
	Month = oct,
	Pages = {388},
	Title = {{Gala: A Python package for galactic dynamics}},
	Volume = 2,
	Year = 2017,
	Bdsk-Url-1 = {https://dx.doi.org/10.21105/joss.00388}}

@article{ipython,
	Author = {P\'erez, Fernando and Granger, Brian E.},
	Date-Added = {2017-08-04 07:38:09 +0000},
	Date-Modified = {2017-08-04 07:38:09 +0000},
	Doi = {10.1109/MCSE.2007.53},
	Issn = {1521-9615},
	Journal = {Computing in Science and Engineering},
	Month = may,
	Number = {3},
	Pages = {21--29},
	Publisher = {IEEE Computer Society},
	Title = {{IP}ython: a System for Interactive Scientific Computing},
	Url = {http://ipython.org},
	Volume = {9},
	Year = 2007,
	Bdsk-Url-1 = {http://ipython.org},
	Bdsk-Url-2 = {http://dx.doi.org/10.1109/MCSE.2007.53}}

@article{dustmaps,
	Author = {{Green}, G.},
	Doi = {10.21105/joss.00695},
	Eid = {695},
	Journal = {The Journal of Open Source Software},
	Month = jun,
	Pages = {695},
	Title = {{dustmaps: A Python interface for maps of interstellar dust}},
	Volume = 3,
	Year = 2018}

@ARTICLE{schwimmbad,
       author = {{Price-Whelan}, Adrian M. and {Foreman-Mackey}, Daniel},
        title = "{schwimmbad: A uniform interface to parallel processing pools in Python}",
      journal = {The Journal of Open Source Software},
         year = 2017,
        month = Sep,
       volume = {2},
          eid = {357},
        pages = {357},
          doi = {10.21105/joss.00357},
       adsurl = {https://ui.adsabs.harvard.edu/#abs/2017JOSS....2..357P},
      adsnote = {Provided by the SAO/NASA Astrophysics Data System}
}

@ARTICLE{astropy:2018,
       author = {{Astropy Collaboration} and {Price-Whelan}, A.~M. and {Sip{\'{o}}cz},
        B.~M. and {G{\"u}nther}, H.~M. and {Lim}, P.~L. and {Crawford},
        S.~M. and {Conseil}, S. and {Shupe}, D.~L. and {Craig}, M.~W.
        and {Dencheva}, N. and {Ginsburg}, A. and {VanderPlas}, J.~T.
        and {Bradley}, L.~D. and {P{\'e}rez-Su{\'a}rez}, D. and {de Val-
        Borro}, M. and {Aldcroft}, T.~L. and {Cruz}, K.~L. and
        {Robitaille}, T.~P. and {Tollerud}, E.~J. and {Ardelean}, C. and
        {Babej}, T. and {Bach}, Y.~P. and {Bachetti}, M. and {Bakanov},
        A.~V. and {Bamford}, S.~P. and {Barentsen}, G. and {Barmby}, P.
        and {Baumbach}, A. and {Berry}, K.~L. and {Biscani}, F. and
        {Boquien}, M. and {Bostroem}, K.~A. and {Bouma}, L.~G. and
        {Brammer}, G.~B. and {Bray}, E.~M. and {Breytenbach}, H. and
        {Buddelmeijer}, H. and {Burke}, D.~J. and {Calderone}, G. and
        {Cano Rodr{\'\i}guez}, J.~L. and {Cara}, M. and {Cardoso},
        J.~V.~M. and {Cheedella}, S. and {Copin}, Y. and {Corrales}, L.
        and {Crichton}, D. and {D'Avella}, D. and {Deil}, C. and
        {Depagne}, {\'E}. and {Dietrich}, J.~P. and {Donath}, A. and
        {Droettboom}, M. and {Earl}, N. and {Erben}, T. and {Fabbro}, S.
        and {Ferreira}, L.~A. and {Finethy}, T. and {Fox}, R.~T. and
        {Garrison}, L.~H. and {Gibbons}, S.~L.~J. and {Goldstein}, D.~A.
        and {Gommers}, R. and {Greco}, J.~P. and {Greenfield}, P. and
        {Groener}, A.~M. and {Grollier}, F. and {Hagen}, A. and {Hirst},
        P. and {Homeier}, D. and {Horton}, A.~J. and {Hosseinzadeh}, G.
        and {Hu}, L. and {Hunkeler}, J.~S. and {Ivezi{\'c}}, {\v{Z}}.
        and {Jain}, A. and {Jenness}, T. and {Kanarek}, G. and
        {Kendrew}, S. and {Kern}, N.~S. and {Kerzendorf}, W.~E. and
        {Khvalko}, A. and {King}, J. and {Kirkby}, D. and {Kulkarni},
        A.~M. and {Kumar}, A. and {Lee}, A. and {Lenz}, D. and
        {Littlefair}, S.~P. and {Ma}, Z. and {Macleod}, D.~M. and
        {Mastropietro}, M. and {McCully}, C. and {Montagnac}, S. and
        {Morris}, B.~M. and {Mueller}, M. and {Mumford}, S.~J. and
        {Muna}, D. and {Murphy}, N.~A. and {Nelson}, S. and {Nguyen},
        G.~H. and {Ninan}, J.~P. and {N{\"o}the}, M. and {Ogaz}, S. and
        {Oh}, S. and {Parejko}, J.~K. and {Parley}, N. and {Pascual}, S.
        and {Patil}, R. and {Patil}, A.~A. and {Plunkett}, A.~L. and
        {Prochaska}, J.~X. and {Rastogi}, T. and {Reddy Janga}, V. and
        {Sabater}, J. and {Sakurikar}, P. and {Seifert}, M. and
        {Sherbert}, L.~E. and {Sherwood-Taylor}, H. and {Shih}, A.~Y.
        and {Sick}, J. and {Silbiger}, M.~T. and {Singanamalla}, S. and
        {Singer}, L.~P. and {Sladen}, P.~H. and {Sooley}, K.~A. and
        {Sornarajah}, S. and {Streicher}, O. and {Teuben}, P. and
        {Thomas}, S.~W. and {Tremblay}, G.~R. and {Turner}, J.~E.~H. and
        {Terr{\'o}n}, V. and {van Kerkwijk}, M.~H. and {de la Vega}, A.
        and {Watkins}, L.~L. and {Weaver}, B.~A. and {Whitmore}, J.~B.
        and {Woillez}, J. and {Zabalza}, V. and {Astropy Contributors}},
        title = "{The Astropy Project: Building an Open-science Project and Status of the
        v2.0 Core Package}",
      journal = {\aj},
     keywords = {methods: data analysis, methods: miscellaneous, methods: statistical,
        reference systems, Astrophysics - Instrumentation and Methods
        for Astrophysics},
         year = 2018,
        month = Sep,
       volume = {156},
          eid = {123},
        pages = {123},
          doi = {10.3847/1538-3881/aabc4f},
 primaryClass = {astro-ph.IM},
       adsurl = {https://ui.adsabs.harvard.edu/#abs/2018AJ....156..123A},
      adsnote = {Provided by the SAO/NASA Astrophysics Data System}
}

@misc{exoplanet:exoplanet,
  author = {Daniel Foreman-Mackey and Ian Czekala and Rodrigo Luger and
            Eric Agol and Geert Barentsen and Tom Barclay},
   title = {dfm/exoplanet},
   month = sep,
    year = 2019,
     doi = {10.5281/zenodo.1998447},
     url = {https://doi.org/10.5281/zenodo.1998447}
}

@article{schwimmbad:2017,
  doi = {10.21105/joss.00357},
  url = {https://doi.org/10.21105/joss.00357},
  year  = {2017},
  month = {sep},
  publisher = {The Open Journal},
  volume = {2},
  number = {17},
  author = {Adrian M. Price-Whelan and Daniel Foreman-Mackey},
  title = {schwimmbad: A uniform interface to parallel processing pools in Python},
  journal = {The Journal of Open Source Software}
}

@ARTICLE{thejoker,
       author = {{Price-Whelan}, Adrian M. and {Hogg}, David W. and
         {Foreman-Mackey}, Daniel and {Rix}, Hans-Walter},
        title = "{The Joker: A Custom Monte Carlo Sampler for Binary-star and Exoplanet Radial Velocity Data}",
      journal = {\apj},
     keywords = {binaries: spectroscopic, methods: data analysis, methods: statistical, planets and satellites: fundamental parameters, surveys, techniques: radial velocities, Astrophysics - Solar and Stellar Astrophysics, Astrophysics - Earth and Planetary Astrophysics},
         year = "2017",
        month = "Mar",
       volume = {837},
       number = {1},
          eid = {20},
        pages = {20},
          doi = {10.3847/1538-4357/aa5e50},
archivePrefix = {arXiv},
       eprint = {1610.07602},
 primaryClass = {astro-ph.SR},
       adsurl = {https://ui.adsabs.harvard.edu/abs/2017ApJ...837...20P},
      adsnote = {Provided by the SAO/NASA Astrophysics Data System}
}

@article{Salvatier2016,
  doi = {10.7717/peerj-cs.55},
  url = {https://doi.org/10.7717/peerj-cs.55},
  year  = {2016},
  month = {apr},
  publisher = {{PeerJ}},
  volume = {2},
  pages = {e55},
  author = {John Salvatier and Thomas V. Wiecki and Christopher Fonnesbeck},
  title = {Probabilistic programming in Python using {PyMC}3},
  journal = {{PeerJ} Computer Science}
}

@ARTICLE{Cottaar:2014,
       author = {{Cottaar}, Michiel and {Covey}, Kevin R. and {Meyer}, Michael R. and
         {Nidever}, David L. and {Stassun}, Keivan G. and {Foster}, Jonathan B. and
         {Tan}, Jonathan C. and {Chojnowski}, S. Drew and {da Rio}, Nicola and
         {Flaherty}, Kevin M. and {Frinchaboy}, Peter M. and
         {Skrutskie}, Michael and {Majewski}, Steven R. and {Wilson}, John C. and
         {Zasowski}, Gail},
        title = "{IN-SYNC I: Homogeneous Stellar Parameters from High-resolution APOGEE Spectra for Thousands of Pre-main Sequence Stars}",
      journal = {\apj},
     keywords = {open clusters and associations: individual: IC 348 Pleiades, stars: pre-main sequence, techniques: radial velocities, techniques: spectroscopic, Astrophysics - Solar and Stellar Astrophysics},
         year = "2014",
        month = "Oct",
       volume = {794},
       number = {2},
          eid = {125},
        pages = {125},
          doi = {10.1088/0004-637X/794/2/125},
archivePrefix = {arXiv},
       eprint = {1408.7113},
 primaryClass = {astro-ph.SR},
       adsurl = {https://ui.adsabs.harvard.edu/abs/2014ApJ...794..125C},
      adsnote = {Provided by the SAO/NASA Astrophysics Data System}
}

@ARTICLE{Breivik:BAAS,
       author = {{Price-Whelan}, Adrian and {Breivik}, Katelyn and {D'Orazio}, Daniel and
         {Hogg}, David W. and {Johnson}, L. Clifton and {Moe}, Maxwell and
         {Morton}, Timothy D. and {Tayar}, Jamie},
        title = "{Stellar multiplicity: an interdisciplinary nexus}",
      journal = {\baas},
         year = "2019",
        month = "May",
       volume = {51},
       number = {3},
          eid = {206},
        pages = {206},
       adsurl = {https://ui.adsabs.harvard.edu/abs/2019BAAS...51c.206P},
      adsnote = {Provided by the SAO/NASA Astrophysics Data System}
}

@ARTICLE{Rix:BAAS,
       author = {{Rix}, Hans-Walter and {Ting}, Yuan-Sen and {Sippel}, Anna and
         {Beown}, Anthony and {Anderson}, Scott and {Kollmeier}, Juna and
         {Kupfer}, Thomas},
        title = "{Binaries Matter Everywhere: from Precision Calibrations to Re-Ionization and Gravitational Waves}",
      journal = {\baas},
         year = "2019",
        month = "May",
       volume = {51},
       number = {3},
          eid = {104},
        pages = {104},
       adsurl = {https://ui.adsabs.harvard.edu/abs/2019BAAS...51c.104R},
      adsnote = {Provided by the SAO/NASA Astrophysics Data System}
}

@article{Gunn:2006,
	Adsnote = {Provided by the SAO/NASA Astrophysics Data System},
	Adsurl = {http://adsabs.harvard.edu/abs/2006AJ....131.2332G},
	Author = {{Gunn}, J.~E. and {Siegmund}, W.~A. and {Mannery}, E.~J. and {Owen}, R.~E. and {Hull}, C.~L. and {Leger}, R.~F. and {Carey}, L.~N. and {Knapp}, G.~R. and {York}, D.~G. and {Boroski}, W.~N. and {Kent}, S.~M. and {Lupton}, R.~H. and {Rockosi}, C.~M. and {Evans}, M.~L. and {Waddell}, P. and {Anderson}, J.~E. and {Annis}, J. and {Barentine}, J.~C. and {Bartoszek}, L.~M. and {Bastian}, S. and {Bracker}, S.~B. and {Brewington}, H.~J. and {Briegel}, C.~I. and {Brinkmann}, J. and {Brown}, Y.~J. and {Carr}, M.~A. and {Czarapata}, P.~C. and {Drennan}, C.~C. and {Dombeck}, T. and {Federwitz}, G.~R. and {Gillespie}, B.~A. and {Gonzales}, C. and {Hansen}, S.~U. and {Harvanek}, M. and {Hayes}, J. and {Jordan}, W. and {Kinney}, E. and {Klaene}, M. and {Kleinman}, S.~J. and {Kron}, R.~G. and {Kresinski}, J. and {Lee}, G. and {Limmongkol}, S. and {Lindenmeyer}, C.~W. and {Long}, D.~C. and {Loomis}, C.~L. and {McGehee}, P.~M. and {Mantsch}, P.~M. and {Neilsen}, Jr., E.~H. and {Neswold}, R.~M. and {Newman}, P.~R. and {Nitta}, A. and {Peoples}, Jr., J. and {Pier}, J.~R. and {Prieto}, P.~S. and {Prosapio}, A. and {Rivetta}, C. and {Schneider}, D.~P. and {Snedden}, S. and {Wang}, S.-i.},
	Date-Added = {2018-02-20 17:56:19 +0000},
	Date-Modified = {2018-02-20 17:56:21 +0000},
	Doi = {10.1086/500975},
	Eprint = {astro-ph/0602326},
	Journal = {\aj},
	Keywords = {Surveys, Telescopes},
	Month = apr,
	Pages = {2332-2359},
	Title = {{The 2.5 m Telescope of the Sloan Digital Sky Survey}},
	Volume = 131,
	Year = 2006,
	Bdsk-Url-1 = {https://dx.doi.org/10.1086/500975}}

@article{Majewski:2017,
	Adsnote = {Provided by the SAO/NASA Astrophysics Data System},
	Adsurl = {http://adsabs.harvard.edu/abs/2017AJ....154...94M},
	Archiveprefix = {arXiv},
	Author = {{Majewski}, S.~R. and {Schiavon}, R.~P. and {Frinchaboy}, P.~M. and {Allende Prieto}, C. and {Barkhouser}, R. and {Bizyaev}, D. and {Blank}, B. and {Brunner}, S. and {Burton}, A. and {Carrera}, R. and {Chojnowski}, S.~D. and {Cunha}, K. and {Epstein}, C. and {Fitzgerald}, G. and {Garc{\'{\i}}a P{\'e}rez}, A.~E. and {Hearty}, F.~R. and {Henderson}, C. and {Holtzman}, J.~A. and {Johnson}, J.~A. and {Lam}, C.~R. and {Lawler}, J.~E. and {Maseman}, P. and {M{\'e}sz{\'a}ros}, S. and {Nelson}, M. and {Nguyen}, D.~C. and {Nidever}, D.~L. and {Pinsonneault}, M. and {Shetrone}, M. and {Smee}, S. and {Smith}, V.~V. and {Stolberg}, T. and {Skrutskie}, M.~F. and {Walker}, E. and {Wilson}, J.~C. and {Zasowski}, G. and {Anders}, F. and {Basu}, S. and {Beland}, S. and {Blanton}, M.~R. and {Bovy}, J. and {Brownstein}, J.~R. and {Carlberg}, J. and {Chaplin}, W. and {Chiappini}, C. and {Eisenstein}, D.~J. and {Elsworth}, Y. and {Feuillet}, D. and {Fleming}, S.~W. and {Galbraith-Frew}, J. and {Garc{\'{\i}}a}, R.~A. and {Garc{\'{\i}}a-Hern{\'a}ndez}, D.~A. and {Gillespie}, B.~A. and {Girardi}, L. and {Gunn}, J.~E. and {Hasselquist}, S. and {Hayden}, M.~R. and {Hekker}, S. and {Ivans}, I. and {Kinemuchi}, K. and {Klaene}, M. and {Mahadevan}, S. and {Mathur}, S. and {Mosser}, B. and {Muna}, D. and {Munn}, J.~A. and {Nichol}, R.~C. and {O'Connell}, R.~W. and {Parejko}, J.~K. and {Robin}, A.~C. and {Rocha-Pinto}, H. and {Schultheis}, M. and {Serenelli}, A.~M. and {Shane}, N. and {Silva Aguirre}, V. and {Sobeck}, J.~S. and {Thompson}, B. and {Troup}, N.~W. and {Weinberg}, D.~H. and {Zamora}, O.},
	Date-Added = {2018-02-20 17:54:12 +0000},
	Date-Modified = {2018-02-20 17:54:13 +0000},
	Doi = {10.3847/1538-3881/aa784d},
	Eid = {94},
	Eprint = {1509.05420},
	Journal = {\aj},
	Keywords = {Galaxy: abundances, Galaxy: evolution, Galaxy: formation, Galaxy: kinematics and dynamics, Galaxy: stellar content, Galaxy: structure},
	Month = sep,
	Pages = {94},
	Primaryclass = {astro-ph.IM},
	Title = {{The Apache Point Observatory Galactic Evolution Experiment (APOGEE)}},
	Volume = 154,
	Year = 2017,
	Bdsk-Url-1 = {https://dx.doi.org/10.3847/1538-3881/aa784d}}

@article{Abolfathi:2017,
	Adsnote = {Provided by the SAO/NASA Astrophysics Data System},
	Adsurl = {http://adsabs.harvard.edu/abs/2017arXiv170709322A},
	Archiveprefix = {arXiv},
	Author = {{Abolfathi}, B. and {Aguado}, D.~S. and {Aguilar}, G. and {Allende Prieto}, C. and {Almeida}, A. and {Tasnim Ananna}, T. and {Anders}, F. and {Anderson}, S.~F. and {Andrews}, B.~H. and {Anguiano}, B. and et al.},
	Date-Added = {2018-02-20 17:52:48 +0000},
	Date-Modified = {2018-02-20 17:52:58 +0000},
	Eprint = {1707.09322},
	Journal = {ArXiv e-prints},
	Keywords = {Astrophysics - Astrophysics of Galaxies, Astrophysics - Instrumentation and Methods for Astrophysics},
	Month = jul,
	Title = {{The Fourteenth Data Release of the Sloan Digital Sky Survey: First Spectroscopic Data from the extended Baryon Oscillation Spectroscopic Survey and from the second phase of the Apache Point Observatory Galactic Evolution Experiment}},
	Year = 2017}

@ARTICLE{DR16,
       author = {{Ahumada}, Romina and {Allende Prieto}, Carlos and {Almeida}, Andres and
         {Anders}, Friedrich and {Anderson}, Scott F. and {Andrews}, Brett H. and
         {Anguiano}, Borja and {Arcodia}, Riccardo and {Armengaud}, Eric and
         {Aubert}, Marie and {Avila}, Santiago and {Avila-Reese}, Vladimir and
         {Badenes}, Carles and {Balland}, Christophe and {Barger}, Kat and
         {Barrera-Ballesteros}, Jorge K. and {Basu}, Sarbani and
         {Bautista}, Julian and {Beaton}, Rachael L. and {Beers}, Timothy C. and
         {Benavides}, B. Izamar T. and {Bender}, Chad F. and
         {Bernardi}, Mariangela and {Bershady}, Matthew and {Beutler}, Florian and
         {Moni Bidin}, Christian and {Bird}, Jonathan and {Bizyaev}, Dmitry and
         {Blanc}, Guillermo A. and {Blanton}, Michael R. and {Boquien}, Mederic and
         {Borissova}, Jura and {Bovy}, Jo and {Brandt}, W.~N. and
         {Brinkmann}, Jonathan and {Brownstein}, Joel R. and {Bundy}, Kevin and
         {Bureau}, Martin and {Burgasser}, Adam and {Burtin}, Etienne and
         {Cano-Diaz}, Mariana and {Capasso}, Raffaella and
         {Cappellari}, Michele and {Carrera}, Ricardo and {Chabanier}, Solene and
         {Chaplin}, William and {Chapman}, Michael and {Cherinka}, Brian and
         {Chiappini}, Cristina and {Choi}, Peter Doohyun and
         {Chojnowski}, S. Drew and {Chung}, Haeun and {Clerc}, Nicolas and
         {Coffey}, Damien and {Comerford}, Julia M. and {Comparat}, Johan and
         {da Costa}, Luiz and {Cousinou}, Marie-Claude and {Covey}, Kevin and
         {Crane}, Jeffrey D. and {Cunha}, Katia and {da Silva Ilha}, Gabriele and
         {Dai}, Yu Sophia and {Damsted}, Sanna B. and {Darling}, Jeremy and
         {Horta Darrington}, Danny and {Davidson}, James W., Jr. and
         {Davies}, Roger and {Dawson}, Kyle and {De}, Nikhil and
         {de la Macorra}, Axel and {De Lee}, Nathan and
         {Queiroz}, Anna Barbara de Andrade and {Deconto Machado}, Alice and
         {de la Torre}, Sylvain and {Dell'Agli}, Flavia and
         {du Mas des Bourboux}, Helion and {Diamond-Stanic}, Aleksandar M. and
         {Dillon}, Sean and {Donor}, John and {Drory}, Niv and
         {Duckworth}, Chris and {Dwelly}, Tom and {Ebelke}, Garrett and
         {Eftekharzadeh}, Sarah and {Davis Eigenbrot}, Arthur and
         {Elsworth}, Yvonne P. and {Eracleous}, Mike and
         {Erfanianfar}, Ghazaleh and {Escoffier}, Stephanie and {Fan}, Xiaohui and
         {Farr}, Emily and {Fernandez-Trincado}, Jose G. and {Feuillet}, Diane and
         {Finoguenov}, Alexis and {Fofie}, Patricia and
         {Fraser-McKelvie}, Amelia and {Frinchaboy}, Peter M. and
         {Fromenteau}, Sebastien and {Fu}, Hai and {Galbany}, Lluis and
         {Garcia}, Rafael A. and {Garcia-Hernandez}, D.~A. and
         {Garma Oehmichen}, Luis Alberto and {Ge}, Junqiang and
         {Geimba Maia}, Marcio Antonio and {Geisler}, Doug and {Gelfand
        }, Joseph and {Goddy}, Julian and {Le Goff}, Jean-Marc and
         {Gonzalez-Perez}, Violeta and {Grabowski}, Kathleen and {Green}, Paul and
         {Grier}, Catherine J. and {Guo}, Hong and {Guy}, Julien and
         {Harding}, Paul and {Hasselquist}, Sten and {Hawken}, Adam James and
         {Hayes}, Christian R. and {Hearty}, Fred and {Hekker}, S. and
         {Hogg}, David W. and {Holtzman}, Jon and {Hou}, Jiamin and
         {Hsieh}, Bau-Ching and {Huber}, Daniel and {Hunt}, Jason A.~S. and
         {Ider Chitham}, J. and {Imig}, Julie and {Jaber}, Mariana and
         {Jimenez Angel}, Camilo Eduardo and {Johnson}, Jennifer A. and
         {Jones}, Amy M. and {Jonsson}, Henrik and {Jullo}, Eric and
         {Kim}, Yerim and {Kinemuchi}, Karen and {Kirkpatrick}, Charles C., IV and
         {Kite}, George W. and {Klaene}, Mark and {Kneib}, Jean-Paul and
         {Kollmeier}, Juna A. and {Kong}, Hui and {Kounkel}, Marina and
         {Krishnarao}, Dhanesh and {Lacerna}, Ivan and {Lan}, Ting-Wen and
         {Lane}, Richard R. and {Law}, David R. and {Leung}, Henry W. and
         {Lewis}, Hannah and {Li}, Cheng and {Lian}, Jianhui and {Lin}, Lihwai and
         {Long}, Dan and {Longa-Pena}, Penelope and {Lundgren}, Britt and
         {Lyke}, Brad W. and {Mackereth}, J. Ted and {MacLeod}, Chelsea L. and
         {Majewski}, Steven R. and {Manchado}, Arturo and {Maraston}, Claudia and
         {Martini}, Paul and {Masseron}, Thomas and {Masters}, Karen L. and
         {Mathur}, Savita and {McDermid}, Richard M. and {Merloni}, Andrea and
         {Merrifield}, Michael and {Meszaros}, Szabolcs and {Miglio}, Andrea and
         {Minniti}, Dante and {Minsley}, Rebecca and {Miyaji}, Takamitsu and
         {Gohar Mohammad}, Faizan and {Mosser}, Benoit and {Mueller}, Eva-Maria and
         {Muna}, Demitri and {Munoz-Gutierrez}, Andrea and {Myers}, Adam D. and
         {Nadathur}, Seshadri and {Nair}, Preethi and
         {Correa do Nascimento}, Janaina and {Nevin}, Rebecca Jean and
         {Newman}, Jeffrey A. and {Nidever}, David L. and
         {Nitschelm}, Christian and {Noterdaeme}, Pasquier and
         {O'Connell}, Julia E. and {Olmstead}, Matthew D and {Oravetz}, Daniel and
         {Oravetz}, Audrey and {Osorio}, Yeisson and {Pace}, Zachary J. and
         {Padilla}, Nelson and {Palanque-Delabrouille}, Nathalie and
         {Palicio}, Pedro A. and {Pan}, Hsi-An and {Pan}, Kaike and
         {Parker}, James and {Paviot}, Romain and {Peirani}, Sebastien and
         {Pena Ramrez}, Karla and {Penny}, Samantha and {Percival}, Will J. and
         {Perez-Fournon}, Ismael and {Perez-Rafols}, Ignasi and
         {Petitjean}, Patrick and {Pieri}, Matthew M. and {Pinsonneault}, Marc and
         {Poovelil}, Vijith Jacob and {Povick}, Joshua Tyler and
         {Prakash}, Abhishek and {Price-Whelan}, Adrian M. and
         {Raddick}, M. Jordan and {Raichoor}, Anand and {Ray}, Amy and
         {Barboza Rembold}, Sandro and {Rezaie}, Mehdi and {Riffel}, Rogemar A. and
         {Riffel}, Rogerio and {Rix}, Hans-Walter and {Robin}, Annie C. and
         {Roman-Lopes}, A. and {Roman-Zuniga}, Carlos and {Rose}, Benjamin and
         {Ross}, Ashley J. and {Rossi}, Graziano and {Rowlands}, Kate and
         {Rubin}, Kate H.~R. and {Salvato}, Mara and {Sanchez}, Ariel G. and
         {Sanchez-Menguiano}, Laura and {Sanchez-Gallego}, Jose R. and
         {Sayres}, Conor and {Schaefer}, Adam and {Schiavon}, Ricardo P. and
         {Schimoia}, Jaderson S. and {Schlafly}, Edward and {Schlegel}, David and
         {Schneider}, Donald P. and {Schultheis}, Mathias and {Schwope}, Axel and
         {Seo}, Hee-Jong and {Serenelli}, Aldo and {Shafieloo}, Arman and
         {Shamsi}, Shoaib Jamal and {Shao}, Zhengyi and {Shen}, Shiyin and
         {Shetrone}, Matthew and {Shirley}, Raphael and {Silva Aguirre}, Victor and
         {Simon}, Joshua D. and {Skrutskie}, M.~F. and {Slosar}, Anze and
         {Smethurst}, Rebecca and {Sobeck}, Jennifer and
         {Cervantes Sodi}, Bernardo and {Souto}, Diogo and {Stark}, David V. and
         {Stassun}, Keivan G. and {Steinmetz}, Matthias and {Stello}, Dennis and
         {Stermer}, Julianna and {Storchi-Bergmann}, Thaisa and
         {Streblyanska}, Alina and {Stringfellow}, Guy S. and {Stutz}, Amelia and
         {Suarez}, Genaro and {Sun}, Jing and {Taghizadeh-Popp}, Manuchehr and
         {Talbot}, Michael S. and {Tayar}, Jamie and {Thakar}, Aniruddha R. and
         {Theriault}, Riley and {Thomas}, Daniel and {Thomas}, Zak C. and
         {Tinker}, Jeremy and {Tojeiro}, Rita and {Hernandez Toledo}, Hector and
         {Tremonti}, Christy A. and {Troup}, Nicholas W. and {Tuttle}, Sarah and
         {Unda-Sanzana}, Eduardo and {Valentini}, Marica and
         {Vargas-Gonzalez}, Jaime and {Vargas-Magana}, Mariana and
         {Vazquez-Mata}, Jose Antonio and {Vivek}, M. and {Wake}, David and
         {Wang}, Yuting and {Weaver}, Benjamin Alan and {Weijmans}, Anne-Marie and
         {Wild}, Vivienne and {Wilson}, John C. and {Wilson}, Robert F. and
         {Wolthuis}, Nathan and {Wood-Vasey}, W.~M. and {Yan}, Renbin and
         {Yang}, Meng and {Yeche}, Christophe and {Zamora}, Olga and
         {Zarrouk}, Pauline and {Zasowski}, Gail and {Zhang}, Kai and
         {Zhao}, Cheng and {Zhao}, Gongbo and {Zheng}, Zheng and {Zheng}, Zheng and
         {Zhu}, Guangtun and {Zou}, Hu},
        title = "{The Sixteenth Data Release of the Sloan Digital Sky Surveys: First Release from the APOGEE-2 Southern Survey and Full Release of eBOSS Spectra}",
      journal = {arXiv e-prints},
     keywords = {Astrophysics - Astrophysics of Galaxies, Astrophysics - Cosmology and Nongalactic Astrophysics, Astrophysics - Instrumentation and Methods for Astrophysics},
         year = "2019",
        month = "Dec",
          eid = {arXiv:1912.02905},
        pages = {arXiv:1912.02905},
archivePrefix = {arXiv},
       eprint = {1912.02905},
 primaryClass = {astro-ph.GA},
       adsurl = {https://ui.adsabs.harvard.edu/abs/2019arXiv191202905A},
      adsnote = {Provided by the SAO/NASA Astrophysics Data System}
}

@article{Blanton:2017,
	Adsnote = {Provided by the SAO/NASA Astrophysics Data System},
	Adsurl = {http://adsabs.harvard.edu/abs/2017AJ....154...28B},
	Archiveprefix = {arXiv},
	Author = {{Blanton}, M.~R. and {Bershady}, M.~A. and {Abolfathi}, B. and {Albareti}, F.~D. and {Allende Prieto}, C. and {Almeida}, A. and {Alonso-Garc{\'{\i}}a}, J. and {Anders}, F. and {Anderson}, S.~F. and {Andrews}, B. and et al.},
	Date-Added = {2017-08-12 09:58:51 +0000},
	Date-Modified = {2017-08-12 09:58:53 +0000},
	Doi = {10.3847/1538-3881/aa7567},
	Eid = {28},
	Eprint = {1703.00052},
	Journal = {\aj},
	Keywords = {cosmology: observations, galaxies: general, Galaxy: general, instrumentation: spectrographs, stars: general, surveys},
	Month = jul,
	Pages = {28},
	Title = {{Sloan Digital Sky Survey IV: Mapping the Milky Way, Nearby Galaxies, and the Distant Universe}},
	Volume = 154,
	Year = 2017,
	Bdsk-Url-1 = {http://dx.doi.org/10.3847/1538-3881/aa7567}}

@ARTICLE{Price-Whelan:2018,
       author = {{Price-Whelan}, Adrian M. and {Hogg}, David W. and {Rix}, Hans-Walter and
         {De Lee}, Nathan and {Majewski}, Steven R. and {Nidever}, David L. and
         {Troup}, Nicholas and {Fern{\'a}ndez-Trincado}, Jos{\'e} G. and
         {Garc{\'\i}a-Hern{\'a}ndez}, Domingo A. and
         {Longa-Pe{\~n}a}, Pen{\'e}lope and {Nitschelm}, Christian and
         {Sobeck}, Jennifer and {Zamora}, Olga},
        title = "{Binary Companions of Evolved Stars in APOGEE DR14: Search Method and Catalog of {\ensuremath{\sim}}5000 Companions}",
      journal = {\aj},
     keywords = {binaries: spectroscopic, methods: data analysis, methods: statistical, planets and satellites: fundamental parameters, surveys, techniques: radial velocities, Astrophysics - Solar and Stellar Astrophysics},
         year = "2018",
        month = "Jul",
       volume = {156},
       number = {1},
          eid = {18},
        pages = {18},
          doi = {10.3847/1538-3881/aac387},
archivePrefix = {arXiv},
       eprint = {1804.04662},
 primaryClass = {astro-ph.SR},
       adsurl = {https://ui.adsabs.harvard.edu/abs/2018AJ....156...18P},
      adsnote = {Provided by the SAO/NASA Astrophysics Data System}
}

@article{NUTS,
    author = {Homan, Matthew D. and Gelman, Andrew},
    title = {The No-U-turn Sampler: Adaptively Setting Path Lengths in Hamiltonian Monte Carlo},
    journal = {J. Mach. Learn. Res.},
    issue_date = {January 2014},
    volume = {15},
    number = {1},
    month = jan,
    year = {2014},
    issn = {1532-4435},
    pages = {1593--1623},
    numpages = {31},
    url = {http://dl.acm.org/citation.cfm?id=2627435.2638586},
    acmid = {2638586},
    publisher = {JMLR.org},
    keywords = {Bayesian inference, Hamiltonian Monte Carlo, Markov chain Monte Carlo, adaptive Monte Carlo, dual averaging},
}


@ARTICLE{theano,
   author = {
     Rami Al-Rfou and
     Guillaume Alain and
     Amjad Almahairi and
     Christof Angermueller and
     Dzmitry Bahdanau and
     Nicolas Ballas and
     Fr\'ed\'eric Bastien and
     Justin Bayer and
     Anatoly Belikov and
     Alexander Belopolsky and
     Yoshua Bengio and
     Arnaud Bergeron and
     James Bergstra and
     Valentin Bisson and
     Josh {Bleecher Snyder} and
     Nicolas Bouchard and
     Nicolas Boulanger-Lewandowski and
     Xavier Bouthillier and
     Alexandre de Br\'ebisson and
     Olivier Breuleux and
     Pierre-Luc Carrier and
     Kyunghyun Cho and
     Jan Chorowski and
     Paul Christiano and
     Tim Cooijmans and
     Marc-Alexandre C\^ot\'e and
     Myriam C\^ot\'e and
     Aaron Courville and
     Yann N. Dauphin and
     Olivier Delalleau and
     Julien Demouth and
     Guillaume Desjardins and
     Sander Dieleman and
     Laurent Dinh and
     M\'elanie Ducoffe and
     Vincent Dumoulin and
     Samira {Ebrahimi Kahou} and
     Dumitru Erhan and
     Ziye Fan and
     Orhan Firat and
     Mathieu Germain and
     Xavier Glorot and
     Ian Goodfellow and
     Matt Graham and
     Caglar Gulcehre and
     Philippe Hamel and
     Iban Harlouchet and
     Jean-Philippe Heng and
     Bal\'azs Hidasi and
     Sina Honari and
     Arjun Jain and
     S\'ebastien Jean and
     Kai Jia and
     Mikhail Korobov and
     Vivek Kulkarni and
     Alex Lamb and
     Pascal Lamblin and
     Eric Larsen and
     C\'esar Laurent and
     Sean Lee and
     Simon Lefrancois and
     Simon Lemieux and
     Nicholas L\'eonard and
     Zhouhan Lin and
     Jesse A. Livezey and
     Cory Lorenz and
     Jeremiah Lowin and
     Qianli Ma and
     Pierre-Antoine Manzagol and
     Olivier Mastropietro and
     Robert T. McGibbon and
     Roland Memisevic and
     Bart van Merri\"enboer and
     Vincent Michalski and
     Mehdi Mirza and
     Alberto Orlandi and
     Christopher Pal and
     Razvan Pascanu and
     Mohammad Pezeshki and
     Colin Raffel and
     Daniel Renshaw and
     Matthew Rocklin and
     Adriana Romero and
     Markus Roth and
     Peter Sadowski and
     John Salvatier and
     Fran\c{c}ois Savard and
     Jan Schl\"uter and
     John Schulman and
     Gabriel Schwartz and
     Iulian Vlad Serban and
     Dmitriy Serdyuk and
     Samira Shabanian and
     \'Etienne Simon and
     Sigurd Spieckermann and
     S. Ramana Subramanyam and
     Jakub Sygnowski and
     J\'er\'emie Tanguay and
     Gijs van Tulder and
     Joseph Turian and
     Sebastian Urban and
     Pascal Vincent and
     Francesco Visin and
     Harm de Vries and
     David Warde-Farley and
     Dustin J. Webb and
     Matthew Willson and
     Kelvin Xu and
     Lijun Xue and
     Li Yao and
     Saizheng Zhang and
     Ying Zhang},
 collaboration = {Theano Development Team},
    title = "{Theano: A {Python} framework for fast computation of mathematical expressions}",
  journal = {arXiv e-prints},
   volume = {abs/1605.02688},
 primaryClass = "cs.SC",
 keywords = {Computer Science - Symbolic Computation, Computer Science - Learning, Computer Science - Mathematical Software},
     year = 2016,
    month = may,
      url = {http://arxiv.org/abs/1605.02688},
}

@article{Gelman:1992,
	Adsnote = {Provided by the SAO/NASA Astrophysics Data System},
	Adsurl = {http://adsabs.harvard.edu/abs/1992StaSc...7..457G},
	Author = {{Gelman}, A. and {Rubin}, D.~B.},
	Date-Added = {2018-02-26 02:15:38 +0000},
	Date-Modified = {2018-02-26 02:15:40 +0000},
	Doi = {10.1214/ss/1177011136},
	Journal = {Statistical Science},
	Pages = {457-472},
	Title = {{Inference from Iterative Simulation Using Multiple Sequences}},
	Volume = 7,
	Year = 1992,
	Bdsk-Url-1 = {https://dx.doi.org/10.1214/ss/1177011136}}

@article{Nidever:2015,
	Adsnote = {Provided by the SAO/NASA Astrophysics Data System},
	Adsurl = {http://adsabs.harvard.edu/abs/2015AJ....150..173N},
	Archiveprefix = {arXiv},
	Author = {{Nidever}, D.~L. and {Holtzman}, J.~A. and {Allende Prieto}, C. and {Beland}, S. and {Bender}, C. and {Bizyaev}, D. and {Burton}, A. and {Desphande}, R. and {Fleming}, S.~W. and {Garc{\'{\i}}a P{\'e}rez}, A.~E. and {Hearty}, F.~R. and {Majewski}, S.~R. and {M{\'e}sz{\'a}ros}, S. and {Muna}, D. and {Nguyen}, D. and {Schiavon}, R.~P. and {Shetrone}, M. and {Skrutskie}, M.~F. and {Sobeck}, J.~S. and {Wilson}, J.~C.},
	Date-Added = {2018-02-20 17:58:53 +0000},
	Date-Modified = {2018-02-20 17:58:55 +0000},
	Doi = {10.1088/0004-6256/150/6/173},
	Eid = {173},
	Eprint = {1501.03742},
	Journal = {\aj},
	Keywords = {galaxies: abundances, galaxies: halos, galaxies: kinematics and dynamics, Local Group, methods: data analysis, techniques: image processing},
	Month = dec,
	Pages = {173},
	Primaryclass = {astro-ph.IM},
	Title = {{The Data Reduction Pipeline for the Apache Point Observatory Galactic Evolution Experiment}},
	Volume = 150,
	Year = 2015,
	Bdsk-Url-1 = {https://dx.doi.org/10.1088/0004-6256/150/6/173}}
